%%%%%%%%%%%%%%%%%%%   1

@article{balick&heckman1982,
author = {Balick, Bruce and Heckman, Timothy M.},
title = {Extranuclear Clues to the Origin and Evolution of Activity in Galaxies},
journal = {Annual Review of Astronomy and Astrophysics},
volume = {20},
number = {1},
pages = {431-468},
year = {1982},
doi = {10.1146/annurev.aa.20.090182.002243},

URL = { 
        https://doi.org/10.1146/annurev.aa.20.090182.002243
    
},
eprint = { 
        https://doi.org/10.1146/annurev.aa.20.090182.002243
    
}

}

%%%%%%%%%%%%%%%%%%%%  2

@ARTICLE{Woo&Urry2002,
       author = {{Woo}, Jong-Hak and {Urry}, C. Megan},
        title = "{Active Galactic Nucleus Black Hole Masses and Bolometric Luminosities}",
      journal = {\apj},
     keywords = {Black Hole Physics, Galaxies: Active, Galaxies: Nuclei, Galaxies: Quasars: General, Astrophysics},
         year = "2002",
        month = "Nov",
       volume = {579},
       number = {2},
        pages = {530-544},
          doi = {10.1086/342878},
archivePrefix = {arXiv},
       eprint = {astro-ph/0207249},
 primaryClass = {astro-ph},
       adsurl = {https://ui.adsabs.harvard.edu/abs/2002ApJ...579..530W},
      adsnote = {Provided by the SAO/NASA Astrophysics Data System}
}


%%%%%%%%%%%%%%%%%%%%%%%%% 3


@ARTICLE{frank1979,
       author = {{Frank}, J.},
        title = "{The fate of the debris of tidal disruption by a massive black hole in a dense star cluster.}",
      journal = {\mnras},
     keywords = {Black Holes (Astronomy), Debris, Galactic Evolution, Star Clusters, Cosmology, Polytropic Processes, Radiation Pressure, Space Density, Astrophysics, Black Holes:Star Clusters, Star Clusters:Tidal Effects},
         year = "1979",
        month = "Jun",
       volume = {187},
        pages = {883-904},
          doi = {10.1093/mnras/187.4.883},
       adsurl = {https://ui.adsabs.harvard.edu/abs/1979MNRAS.187..883F},
      adsnote = {Provided by the SAO/NASA Astrophysics Data System}
}


%%%%%%%%%%%%%%%%%%%%%%%%%%%%% 4

@ARTICLE{Hills1975,
       author = {{Hills}, J.~G.},
        title = "{Possible power source of Seyfert galaxies and QSOs}",
      journal = {\nat},
     keywords = {Black Holes (Astronomy), Mass Transfer, Quasars, Seyfert Galaxies, Galactic Nuclei, Gas Flow, Roche Limit, Stellar Mass, Stellar Mass Ejection, Astrophysics},
         year = "1975",
        month = "Mar",
       volume = {254},
       number = {5498},
        pages = {295-298},
          doi = {10.1038/254295a0},
       adsurl = {https://ui.adsabs.harvard.edu/abs/1975Natur.254..295H},
      adsnote = {Provided by the SAO/NASA Astrophysics Data System}
}


%%%%%%%%%%%%%%%%%%%%%%% 5


@ARTICLE{Sanders1996,
       author = {{Sanders}, D.~B. and {Mirabel}, I.~F.},
        title = "{Luminous Infrared Galaxies}",
      journal = {\araa},
         year = "1996",
        month = "Jan",
       volume = {34},
        pages = {749},
          doi = {10.1146/annurev.astro.34.1.749},
       adsurl = {https://ui.adsabs.harvard.edu/abs/1996ARA&A..34..749S},
      adsnote = {Provided by the SAO/NASA Astrophysics Data System}
}



%%%%%%%%%%%%%%%%%%%%%% 6

@ARTICLE{DiMatteo2005,
       author = {{Di Matteo}, Tiziana and {Springel}, Volker and {Hernquist}, Lars},
        title = "{Energy input from quasars regulates the growth and activity of black holes and their host galaxies}",
      journal = {\nat},
     keywords = {Astrophysics},
         year = "2005",
        month = "Feb",
       volume = {433},
       number = {7026},
        pages = {604-607},
          doi = {10.1038/nature03335},
archivePrefix = {arXiv},
       eprint = {astro-ph/0502199},
 primaryClass = {astro-ph},
       adsurl = {https://ui.adsabs.harvard.edu/abs/2005Natur.433..604D},
      adsnote = {Provided by the SAO/NASA Astrophysics Data System}
}



%%%%%%%%%%%%%% 7

@ARTICLE{SaikiaAndJamrozy2009,
       author = {{Saikia}, D.~J. and {Jamrozy}, M.},
        title = "{Recurrent activity in Active Galactic Nuclei}",
      journal = {Bulletin of the Astronomical Society of India},
     keywords = {galaxies: active, galaxies: nuclei, radio continuum: galaxies, galaxies: quasars: general, galaxies: clusters: general, Astrophysics - Cosmology and Extragalactic Astrophysics},
         year = "2009",
        month = "Sep",
       volume = {37},
        pages = {63-89},
archivePrefix = {arXiv},
       eprint = {1002.1841},
 primaryClass = {astro-ph.CO},
       adsurl = {https://ui.adsabs.harvard.edu/abs/2009BASI...37...63S},
      adsnote = {Provided by the SAO/NASA Astrophysics Data System}
}



%%%%%%%%%%%%%%%%%%%%% 8 
@ARTICLE{Mortlock2011,
       author = {{Mortlock}, Daniel J. and {Warren}, Stephen J. and {Venemans}, Bram P. and
         {Patel}, Mitesh and {Hewett}, Paul C. and {McMahon}, Richard G. and
         {Simpson}, Chris and {Theuns}, Tom and
         {Gonz{\'a}les-Solares}, Eduardo A. and {Adamson}, Andy and
         {Dye}, Simon and {Hambly}, Nigel C. and {Hirst}, Paul and
         {Irwin}, Mike J. and {Kuiper}, Ernst and {Lawrence}, Andy and
         {R{\"o}ttgering}, Huub J.~A.},
        title = "{A luminous quasar at a redshift of z = 7.085}",
      journal = {\nat},
     keywords = {Astrophysics - Cosmology and Extragalactic Astrophysics},
         year = "2011",
        month = "Jun",
       volume = {474},
       number = {7353},
        pages = {616-619},
          doi = {10.1038/nature10159},
archivePrefix = {arXiv},
       eprint = {1106.6088},
 primaryClass = {astro-ph.CO},
       adsurl = {https://ui.adsabs.harvard.edu/abs/2011Natur.474..616M},
      adsnote = {Provided by the SAO/NASA Astrophysics Data System}
}


%%%%%%%%%%%%%%%%% 9

@ARTICLE{Elvis1994,
       author = {{Elvis}, Martin and {Wilkes}, Belinda J. and {McDowell}, Jonathan C. and
         {Green}, Richard F. and {Bechtold}, Jill and {Willner}, S.~P. and
         {Oey}, M.~S. and {Polomski}, Elisha and {Cutri}, Roc},
        title = "{Atlas of Quasar Energy Distributions}",
      journal = {\apjs},
     keywords = {Astronomical Catalogs, Infrared Photometry, Quasars, Radio Astronomy, Spectral Energy Distribution, Stellar Luminosity, Stellar Spectrophotometry, Ultraviolet Astronomy, X Ray Spectra, Galactic Radiation, Heao 2, Infrared Astronomy Satellite, Iue, Signal To Noise Ratios, Astronomy, ATLASES, GALAXIES: PHOTOMETRY, GALAXIES: QUASARS: GENERAL},
         year = "1994",
        month = "Nov",
       volume = {95},
        pages = {1},
          doi = {10.1086/192093},
       adsurl = {https://ui.adsabs.harvard.edu/abs/1994ApJS...95....1E},
      adsnote = {Provided by the SAO/NASA Astrophysics Data System}
}


%%%%%%%%%%%%%%%%%%%% 10

@ARTICLE{LaMassa2015,
       author = {{LaMassa}, Stephanie M. and {Cales}, Sabrina and {Moran}, Edward C. and
         {Myers}, Adam D. and {Richards}, Gordon T. and {Eracleous}, Michael and
         {Heckman}, Timothy M. and {Gallo}, Luigi and {Urry}, C. Megan},
        title = "{The Discovery of the First {\textquotedblleft}Changing Look{\textquotedblright} Quasar: New Insights Into the Physics and Phenomenology of Active Galactic Nucleus}",
      journal = {\apj},
     keywords = {accretion, accretion disks, line: profiles, quasars: emission lines, quasars: general, quasars: individual: SDSS J015957.64+003310.5, quasars: supermassive black holes, Astrophysics - Astrophysics of Galaxies},
         year = "2015",
        month = "Feb",
       volume = {800},
       number = {2},
          eid = {144},
        pages = {144},
          doi = {10.1088/0004-637X/800/2/144},
archivePrefix = {arXiv},
       eprint = {1412.2136},
 primaryClass = {astro-ph.GA},
       adsurl = {https://ui.adsabs.harvard.edu/abs/2015ApJ...800..144L},
      adsnote = {Provided by the SAO/NASA Astrophysics Data System}
}


%%%%%%%%%%%%%%%%%% 11

@ARTICLE{merloni2015,
       author = {{Merloni}, A. and {Dwelly}, T. and {Salvato}, M. and {Georgakakis}, A. and
         {Greiner}, J. and {Krumpe}, M. and {Nandra}, K. and {Ponti}, G. and
         {Rau}, A.},
        title = "{A tidal disruption flare in a massive galaxy? Implications for the fuelling mechanisms of nuclear black holes}",
      journal = {\mnras},
     keywords = {accretion, accretion discs, black hole physics, galaxies: active, galaxies: nuclei, Astrophysics - High Energy Astrophysical Phenomena, Astrophysics - Astrophysics of Galaxies},
         year = "2015",
        month = "Sep",
       volume = {452},
       number = {1},
        pages = {69-87},
          doi = {10.1093/mnras/stv1095},
archivePrefix = {arXiv},
       eprint = {1503.04870},
 primaryClass = {astro-ph.HE},
       adsurl = {https://ui.adsabs.harvard.edu/abs/2015MNRAS.452...69M},
      adsnote = {Provided by the SAO/NASA Astrophysics Data System}
}

%%%%%%%%%%%%%%%%%%%%%%%%%%%%%%%% 12

@ARTICLE{Gebhardt2000,
       author = {{Gebhardt}, Karl and {Bender}, Ralf and {Bower}, Gary and
         {Dressler}, Alan and {Faber}, S.~M. and {Filippenko}, Alexei V. and
         {Green}, Richard and {Grillmair}, Carl and {Ho}, Luis C. and
         {Kormendy}, John and {Lauer}, Tod R. and {Magorrian}, John and
         {Pinkney}, Jason and {Richstone}, Douglas and {Tremaine}, Scott},
        title = "{A Relationship between Nuclear Black Hole Mass and Galaxy Velocity Dispersion}",
      journal = {\apjl},
     keywords = {Galaxies: General, Galaxies: Nuclei, Galaxies: Statistics, Astrophysics},
         year = "2000",
        month = "Aug",
       volume = {539},
       number = {1},
        pages = {L13-L16},
          doi = {10.1086/312840},
archivePrefix = {arXiv},
       eprint = {astro-ph/0006289},
 primaryClass = {astro-ph},
       adsurl = {https://ui.adsabs.harvard.edu/abs/2000ApJ...539L..13G},
      adsnote = {Provided by the SAO/NASA Astrophysics Data System}
}



%%%%%%%%%%%%%%%%%%%%%%% 13
@ARTICLE{Schawinski2012,
       author = {{Schawinski}, Kevin},
        title = "{Black Hole -- Galaxy Co-evolution}",
      journal = {arXiv e-prints},
     keywords = {Astrophysics - Cosmology and Extragalactic Astrophysics},
         year = "2012",
        month = "Jun",
          eid = {arXiv:1206.2661},
        pages = {arXiv:1206.2661},
archivePrefix = {arXiv},
       eprint = {1206.2661},
 primaryClass = {astro-ph.CO},
       adsurl = {https://ui.adsabs.harvard.edu/abs/2012arXiv1206.2661S},
      adsnote = {Provided by the SAO/NASA Astrophysics Data System}
}



%%%%%%%%%%%%%%%%%%%%%% 14
@ARTICLE{KormendyAndHo2013,
       author = {{Kormendy}, John and {Ho}, Luis C.},
        title = "{Coevolution (Or Not) of Supermassive Black Holes and Host Galaxies}",
      journal = {\araa},
     keywords = {Astrophysics - Cosmology and Nongalactic Astrophysics},
         year = "2013",
        month = "Aug",
       volume = {51},
       number = {1},
        pages = {511-653},
          doi = {10.1146/annurev-astro-082708-101811},
archivePrefix = {arXiv},
       eprint = {1304.7762},
 primaryClass = {astro-ph.CO},
       adsurl = {https://ui.adsabs.harvard.edu/abs/2013ARA&A..51..511K},
      adsnote = {Provided by the SAO/NASA Astrophysics Data System}
}


%%%%%%%%%%%%%%%%%%%%%%%%%%%% 15
@ARTICLE{BlandfordAndMcKee1982,
       author = {{Blandford}, R.~D. and {McKee}, C.~F.},
        title = "{Reverberation mapping of the emission line regions of Seyfert galaxies and quasars.}",
      journal = {\apj},
     keywords = {Astronomical Spectroscopy, Emission Spectra, Quasars, Seyfert Galaxies, Spectral Line Width, Radial Velocity, Radiative Transfer, Spatial Distribution, Stellar Mass Accretion, Transfer Functions, Velocity Distribution, Astrophysics},
         year = 1982,
        month = apr,
       volume = {255},
        pages = {419-439},
          doi = {10.1086/159843},
       adsurl = {https://ui.adsabs.harvard.edu/abs/1982ApJ...255..419B},
      adsnote = {Provided by the SAO/NASA Astrophysics Data System}
}


%%%%%%%%%%%%%%%%%%%%%%%%%%%%%%%%% 16


@ARTICLE{giacconietal1979,
       author = {{Giacconi}, R. and {Branduardi}, G. and {Briel}, U. and {Epstein}, A. and
         {Fabricant}, D. and {Feigelson}, E. and {Forman}, W. and
         {Gorenstein}, P. and {Grindlay}, J. and {Gursky}, H. and
         {Harnden}, F.~R. and {Henry}, J.~P. and {Jones}, C. and {Kellogg}, E. and
         {Koch}, D. and {Murray}, S. and {Schreier}, E. and {Seward}, F. and
         {Tananbaum}, H. and {Topka}, K. and {Van Speybroeck}, L. and
         {Holt}, S.~S. and {Becker}, R.~H. and {Boldt}, E.~A. and
         {Serlemitsos}, P.~J. and {Clark}, G. and {Canizares}, C. and
         {Markert}, T. and {Novick}, R. and {Helfand}, D. and {Long}, K.},
        title = "{The Einstein (HEAO 2) X-ray Observatory.}",
      journal = {\apj},
     keywords = {Heao 2, Spaceborne Astronomy, X Ray Astronomy, Cameras, Focal Plane Devices, High Resolution, Proportional Counters, Spaceborne Telescopes, Spacecraft Instruments, Spectrometers, Astronomy, X-Ray Telescopes},
         year = 1979,
        month = jun,
       volume = {230},
        pages = {540-550},
          doi = {10.1086/157110},
       adsurl = {https://ui.adsabs.harvard.edu/abs/1979ApJ...230..540G},
      adsnote = {Provided by the SAO/NASA Astrophysics Data System}
}



%%%%%%%%%%%%%%%%%%%%%%%%%%%%%%%%%% 17
@BOOK{Briel1996,
       author = {{Briel}, U.~G. and {Aschenbach}, B. and {Hasinger}, G. and
         {Hippmann}, H. and {Pfeffermann}, E. and {Predehl}, P. and
         {Schmitt}, J.~H.~M.~M. and {Voges}, W. and {Zimmermann}, U. and
         {David}, L. and {Harnden}, F.~R. and {Kearns}, K.~E. and
         {Zomback}, M.~V. and {Barstow}, M.~A. and {Osborne}, J.~P. and
         {Pye}, J.~P. and {Watson}, M. and {West}, R.~G. and {Willingdale}, R.},
        title = "{The ROSAT Users' Handbook}",
         year = 1996,
       adsurl = {https://ui.adsabs.harvard.edu/abs/1996rouh.book.....B},
      adsnote = {Provided by the SAO/NASA Astrophysics Data System}
}

%%%%%%%%%%%%%%%%%%%%%%%%%%%% 18

@ARTICLE{weisskopf1999,
       author = {{Weisskopf}, Martin C.},
        title = "{The Chandra X-Ray Observatory (CXO): An Overview}",
      journal = {arXiv e-prints},
     keywords = {Astrophysics},
         year = 1999,
        month = dec,
          eid = {astro-ph/9912097},
        pages = {astro-ph/9912097},
archivePrefix = {arXiv},
       eprint = {astro-ph/9912097},
 primaryClass = {astro-ph},
       adsurl = {https://ui.adsabs.harvard.edu/abs/1999astro.ph.12097W},
      adsnote = {Provided by the SAO/NASA Astrophysics Data System}
}


%%%%%%%%%%%%%%%%%%%%%%%%%%%%%%%%% 19

@ARTICLE{Evans2020,
       author = {{Evans et al.}},
        title = "{The Chandra Source Catalog 2.0}",
      journal = {AAS, 52, 154.05},
     keywords = {Astrophysics},
         year = 2020,
        month = dec,
archivePrefix = {AAS},
       adsurl = {https://ui.adsabs.harvard.edu/abs/1999astro.ph.12097W},
      adsnote = {Provided by the SAO/NASA Astrophysics Data System}
}


%%%%%%%%%%%%%%%%%%%%%%%%%%%%%%%%%%%%%%%% 20

@INPROCEEDINGS{gioia1986,
       author = {{Gioia}, Isabella M. and {Maccacaro}, Tommaso and {Schild}, Rudolph and
         {Stocke}, John and {Danziger}, John},
        title = "{The Medium Sensitivity Survey and the X-Ray Selected Quasar Sample}",
     keywords = {Astronomical Spectroscopy, Quasars, X Ray Spectra, Luminosity, Red Shift, Spectral Energy Distribution, Visible Spectrum, Astrophysics},
    booktitle = {Quasars},
         year = 1986,
       editor = {{Swarup}, G. and {Kapahi}, V.~K.},
       series = {IAU Symposium},
       volume = {119},
        month = jan,
        pages = {233},
       adsurl = {https://ui.adsabs.harvard.edu/abs/1986IAUS..119..233G},
      adsnote = {Provided by the SAO/NASA Astrophysics Data System}
}


%%%%%%%%%%%%%%%%%%%%%%%%%%%%%%%%%%%%%%% 21

@ARTICLE{gioia1990,
       author = {{Gioia}, I.~M. and {Maccacaro}, T. and {Schild}, R.~E. and {Wolter}, A. and
         {Stocke}, J.~T. and {Morris}, S.~L. and {Henry}, J.~P.},
        title = "{The Einstein Observatory Extended Medium-Sensitivity Survey. I. X-Ray Data and Analysis}",
      journal = {\apjs},
     keywords = {Heao 2, Sky Surveys (Astronomy), X Ray Sources, Active Galactic Nuclei, Astronomical Catalogs, Astronomical Photometry, Bl Lacertae Objects, Spatial Distribution, Very Large Array (Vla), Astrophysics, BL LACERTAE OBJECTS, GALAXIES: NUCLEI, GALAXIES: X-RAYS, STARS: X-RAYS, X-RAYS: SOURCES},
         year = 1990,
        month = mar,
       volume = {72},
        pages = {567},
          doi = {10.1086/191426},
       adsurl = {https://ui.adsabs.harvard.edu/abs/1990ApJS...72..567G},
      adsnote = {Provided by the SAO/NASA Astrophysics Data System}
}



%%%%%%%%%%%%%%%%%%%%%%%%%%%%%%%%% 22

@ARTICLE{moran1996,
       author = {{Moran}, Edward C. and {Helfand}, David J. and {Becker}, Robert H. and
         {White}, Richard L.},
        title = "{The Einstein Two-Sigma Catalog: Silver Needles in the X-Ray Haystack}",
      journal = {\apj},
     keywords = {CATALOGS, GALAXIES: ACTIVE, METHODS: DATA ANALYSIS, X-RAYS: GALAXIES},
         year = 1996,
        month = apr,
       volume = {461},
        pages = {127},
          doi = {10.1086/177042},
       adsurl = {https://ui.adsabs.harvard.edu/abs/1996ApJ...461..127M},
      adsnote = {Provided by the SAO/NASA Astrophysics Data System}
}




%%%%%%%%%%%%%%%%%%%%%%%%%%%%%%%%%%%%%%%% 23

@ARTICLE{hamilton1991,
       author = {{Hamilton}, T.~T. and {Helfand}, D.~J. and {Wu}, X.},
        title = "{Faint X-Ray Source Counts and the Origin of the X-Ray Background}",
      journal = {\apj},
     keywords = {Background Radiation, Faint Objects, X Ray Sources, Active Galactic Nuclei, Cosmic X Rays, Heao 2, Quasars, Sky Surveys (Astronomy), Astrophysics, X-RAYS: SOURCES},
         year = 1991,
        month = oct,
       volume = {379},
        pages = {576},
          doi = {10.1086/170529},
       adsurl = {https://ui.adsabs.harvard.edu/abs/1991ApJ...379..576H},
      adsnote = {Provided by the SAO/NASA Astrophysics Data System}
}


%%%%%%%%%%%%%%%%%%%%%%%%%%%%% 24

@ARTICLE{stocke1991,
       author = {{Stocke}, John T. and {Morris}, Simon L. and {Gioia}, I.~M. and
         {Maccacaro}, T. and {Schild}, R. and {Wolter}, A. and
         {Fleming}, Thomas A. and {Henry}, J. Patrick},
        title = "{The Einstein Observatory Extended Medium-Sensitivity Survey. II. The Optical Identifications}",
      journal = {\apjs},
     keywords = {Heao 2, Optical Emission Spectroscopy, Visual Observation, X Ray Sources, Active Galactic Nuclei, Bl Lacertae Objects, Cooling Flows (Astrophysics), Galactic Clusters, Quasars, Radio Sources (Astronomy), X Ray Stars, Astrophysics, BL LACERTAE OBJECTS, GALAXIES: NUCLEI, GALAXIES: X-RAYS, QUASARS, STARS: X-RAYS, X-RAYS: SOURCES},
         year = 1991,
        month = jul,
       volume = {76},
        pages = {813},
          doi = {10.1086/191582},
       adsurl = {https://ui.adsabs.harvard.edu/abs/1991ApJS...76..813S},
      adsnote = {Provided by the SAO/NASA Astrophysics Data System}
}




%%%%%%%%%%%%%%%%%%%%%%%%%%%%%%%%% 25

@ARTICLE{Truemper1982,
       author = {{Truemper}, J.},
        title = "{The ROSAT mission}",
      journal = {Advances in Space Research},
     keywords = {Astronomical Observatories, Mission Planning, Rosat Mission, Spaceborne Telescopes, X Ray Astronomy, X Ray Telescopes, Focal Plane Devices, Heao 2, International Cooperation, Mirrors, Spacecraft Design, Structural Design, X Ray Imagery, Astronomy},
         year = 1982,
        month = jan,
       volume = {2},
       number = {4},
        pages = {241-249},
          doi = {10.1016/0273-1177(82)90070-9},
       adsurl = {https://ui.adsabs.harvard.edu/abs/1982AdSpR...2..241T},
      adsnote = {Provided by the SAO/NASA Astrophysics Data System}
}



%%%%%%%%%%%%%%%%%%%%%%%%%% 26

@ARTICLE{Belloni1994,
       author = {{Belloni}, T. and {Hasinger}, G. and {Izzo}, C.},
        title = "{Procedures for the interactive analysis of point sources from the ROSAT XRT/PSPC all-sky survey.}",
      journal = {\aap},
         year = 1994,
        month = mar,
       volume = {283},
        pages = {1037-1045},
       adsurl = {https://ui.adsabs.harvard.edu/abs/1994A&A...283.1037B},
      adsnote = {Provided by the SAO/NASA Astrophysics Data System}
}



%%%%%%%%%%%%%%%%%%%%%%%%$$$$$ 27

@INPROCEEDINGS{voges1992,
       author = {{Voges}, W.},
        title = "{Scientific Results from the ROSAT All-Sky X-Ray Survey}",
    booktitle = {European Southern Observatory Conference and Workshop Proceedings},
         year = 1992,
       series = {European Southern Observatory Conference and Workshop Proceedings},
       volume = {43},
        month = sep,
        pages = {139},
       adsurl = {https://ui.adsabs.harvard.edu/abs/1992ESOC...43..139V},
      adsnote = {Provided by the SAO/NASA Astrophysics Data System}
}

%%%%%%%%%%%%%%%%%%%%%%%%%%%%%% 28

@ARTICLE{voges1999,
       author = {{Voges}, W. and {Aschenbach}, B. and {Boller}, Th. and
         {Br{\"a}uninger}, H. and {Briel}, U. and {Burkert}, W. and
         {Dennerl}, K. and {Englhauser}, J. and {Gruber}, R. and {Haberl}, F. and
         {Hartner}, G. and {Hasinger}, G. and {K{\"u}rster}, M. and
         {Pfeffermann}, E. and {Pietsch}, W. and {Predehl}, P. and {Rosso}, C. and
         {Schmitt}, J.~H.~M.~M. and {Tr{\"u}mper}, J. and {Zimmermann}, H.~U.},
        title = "{The ROSAT all-sky survey bright source catalogue}",
      journal = {\aap},
     keywords = {CATALOGS, SURVEYS, X-RAYS: GENERAL, Astrophysics},
         year = 1999,
        month = sep,
       volume = {349},
        pages = {389-405},
archivePrefix = {arXiv},
       eprint = {astro-ph/9909315},
 primaryClass = {astro-ph},
       adsurl = {https://ui.adsabs.harvard.edu/abs/1999A&A...349..389V},
      adsnote = {Provided by the SAO/NASA Astrophysics Data System}
}

%%%%%%%%%%%%%%%%%%%%%%% 29



@ARTICLE{voges2000,
       author = {{Voges}, W. and {Aschenbach}, B. and {Boller}, Th. and {Brauninger}, H. and
         {Briel}, U. and {Burkert}, W. and {Dennerl}, K. and {Englhauser}, J. and
         {Gruber}, R. and {Haberl}, F. and {Hartner}, G. and {Hasinger}, G. and
         {Pfeffermann}, E. and {Pietsch}, W. and {Predehl}, P. and
         {Schmitt}, J. and {Trumper}, J. and {Zimmermann}, U.},
        title = "{VizieR Online Data Catalog: ROSAT All-Sky Survey Faint Source Catalog (Voges+ 2000)}",
      journal = {VizieR Online Data Catalog},
     keywords = {X-ray sources, Surveys},
         year = 2000,
        month = may,
          eid = {IX/29},
        pages = {IX/29},
       adsurl = {https://ui.adsabs.harvard.edu/abs/2000yCat.9029....0V},
      adsnote = {Provided by the SAO/NASA Astrophysics Data System}
}



%%%%%%%%%%%%%%%%%%%%%%%%%%%%%% 30

@ARTICLE{boller2016,
       author = {{Boller}, Th. and {Freyberg}, M.~J. and {Tr{\"u}mper}, J. and
         {Haberl}, F. and {Voges}, W. and {Nandra}, K.},
        title = "{Second ROSAT all-sky survey (2RXS) source catalogue}",
      journal = {\aap},
     keywords = {X-rays: general, catalogs, surveys, Astrophysics - High Energy Astrophysical Phenomena},
         year = 2016,
        month = apr,
       volume = {588},
          eid = {A103},
        pages = {A103},
          doi = {10.1051/0004-6361/201525648},
archivePrefix = {arXiv},
       eprint = {1609.09244},
 primaryClass = {astro-ph.HE},
       adsurl = {https://ui.adsabs.harvard.edu/abs/2016A&A...588A.103B},
      adsnote = {Provided by the SAO/NASA Astrophysics Data System}
}

%%%%%%%%%%%%%%%%%%%%%%%%%%%%%%%%%%%% 31

@ARTICLE{boller1992,
       author = {{Boller}, Th. and {Meurs}, E.~J.~A. and {Brinkmann}, W. and {Fink}, H. and
         {Zimmermann}, U. and {Adorf}, H. -M.},
        title = "{ROSAT all sky survey observations of IRAS galaxies.}",
      journal = {\aap},
     keywords = {Elliptical Galaxies, Infrared Sources (Astronomy), Quasars, Rosat Mission, Sky Surveys (Astronomy), X Ray Sources, Astronomical Spectroscopy, Color-Color Diagram, Infrared Astronomy Satellite, Spectral Energy Distribution, Astrophysics},
         year = 1992,
        month = jul,
       volume = {261},
        pages = {57-77},
       adsurl = {https://ui.adsabs.harvard.edu/abs/1992A&A...261...57B},
      adsnote = {Provided by the SAO/NASA Astrophysics Data System}
}


%%%%%%%%%%%%%%%%%%%%%%%%%%%%%%%%%%%%%%%%%%%%%% 32
@ARTICLE{zickgraf2003,
       author = {{Zickgraf}, F. -J. and {Engels}, D. and {Hagen}, H. -J. and
         {Reimers}, D. and {Voges}, W.},
        title = "{The Hamburg/RASS Catalogue of optical identifications. Northern high-galactic latitude ROSAT Bright Source  Catalogue X-ray sources}",
      journal = {\aap},
     keywords = {surveys, X-rays: general, X-rays: galaxies, X-rays: stars, galaxies: active, galaxies: clusters: general, Astrophysics},
         year = 2003,
        month = aug,
       volume = {406},
        pages = {535-553},
          doi = {10.1051/0004-6361:20030679},
archivePrefix = {arXiv},
       eprint = {astro-ph/0305535},
 primaryClass = {astro-ph},
       adsurl = {https://ui.adsabs.harvard.edu/abs/2003A&A...406..535Z},
      adsnote = {Provided by the SAO/NASA Astrophysics Data System}
}

%%%%%%%%%%%%%%%%%%%%%%%%%%%%%%%%%%%%%%%%%%%%%% 33

@ARTICLE{gioia2003,
       author = {{Gioia}, I.~M. and {Henry}, J.~P. and {Mullis}, C.~R. and
         {B{\"o}hringer}, H. and {Briel}, U.~G. and {Voges}, W. and
         {Huchra}, J.~P.},
        title = "{The ROSAT North Ecliptic Pole Survey: the Optical Identifications}",
      journal = {\apjs},
     keywords = {Galaxies: BL Lacertae Objects: General, Catalogs, Galaxies: Clusters: General, Surveys, X-Rays: General, X-Rays: Stars, Astrophysics},
         year = 2003,
        month = nov,
       volume = {149},
       number = {1},
        pages = {29-51},
          doi = {10.1086/378229},
archivePrefix = {arXiv},
       eprint = {astro-ph/0309788},
 primaryClass = {astro-ph},
       adsurl = {https://ui.adsabs.harvard.edu/abs/2003ApJS..149...29G},
      adsnote = {Provided by the SAO/NASA Astrophysics Data System}
}


%%%%%%%%%%%%%%%%%%%%%%%%%%%%%%%%%%%%%%%%%%% 34 

@ARTICLE{weisskopf2002,
       author = {{Weisskopf}, M.~C. and {Brinkman}, B. and {Canizares}, C. and
         {Garmire}, G. and {Murray}, S. and {Van Speybroeck}, L.~P.},
        title = "{An Overview of the Performance and Scientific Results from the Chandra X-Ray Observatory}",
      journal = {\pasp},
     keywords = {Space Vehicles: Instrumentation, Instrumentation: Detectors, Instrumentation: Spectrographs, X-rays: general, Astrophysics},
         year = 2002,
        month = jan,
       volume = {114},
       number = {791},
        pages = {1-24},
          doi = {10.1086/338108},
archivePrefix = {arXiv},
       eprint = {astro-ph/0110308},
 primaryClass = {astro-ph},
       adsurl = {https://ui.adsabs.harvard.edu/abs/2002PASP..114....1W},
      adsnote = {Provided by the SAO/NASA Astrophysics Data System}
}



%%%%%%%%%%%%%%%%%%%%%%%%%%%% 35

@ARTICLE{evans2010,
       author = {{Evans}, Ian N. and {Primini}, Francis A. and {Glotfelty}, Kenny J. and
         {Anderson}, Craig S. and {Bonaventura}, Nina R. and {Chen}, Judy C. and
         {Davis}, John E. and {Doe}, Stephen M. and {Evans}, Janet D. and
         {Fabbiano}, Giuseppina and {Galle}, Elizabeth C. and
         {Gibbs}, Danny G., II and {Grier}, John D. and {Hain}, Roger M. and
         {Hall}, Diane M. and {Harbo}, Peter N. and {He}, Xiangqun Helen and
         {Houck}, John C. and {Karovska}, Margarita and {Kashyap}, Vinay L. and
         {Lauer}, Jennifer and {McCollough}, Michael L. and
         {McDowell}, Jonathan C. and {Miller}, Joseph B. and
         {Mitschang}, Arik W. and {Morgan}, Douglas L. and {Mossman}, Amy E. and
         {Nichols}, Joy S. and {Nowak}, Michael A. and {Plummer}, David A. and
         {Refsdal}, Brian L. and {Rots}, Arnold H. and {Siemiginowska}, Aneta and
         {Sundheim}, Beth A. and {Tibbetts}, Michael S. and
         {Van Stone}, David W. and {Winkelman}, Sherry L. and
         {Zografou}, Panagoula},
        title = "{The Chandra Source Catalog}",
      journal = {\apjs},
     keywords = {catalogs, X-rays: general, Astrophysics - High Energy Astrophysical Phenomena, Astrophysics - Instrumentation and Methods for Astrophysics},
         year = 2010,
        month = jul,
       volume = {189},
       number = {1},
        pages = {37-82},
          doi = {10.1088/0067-0049/189/1/37},
archivePrefix = {arXiv},
       eprint = {1005.4665},
 primaryClass = {astro-ph.HE},
       adsurl = {https://ui.adsabs.harvard.edu/abs/2010ApJS..189...37E},
      adsnote = {Provided by the SAO/NASA Astrophysics Data System}
}



%%%%%%%%%%%%%%%%%%%%%%%%%%%%%%%%% 36

@ARTICLE{kim2004,
       author = {{Kim}, D. -W. and {Cameron}, R.~A. and {Drake}, J.~J. and
         {Evans}, N.~R. and {Freeman}, P. and {Gaetz}, T.~J. and {Ghosh}, H. and
         {Green}, P.~J. and {Harnden}, F.~R., Jr. and {Karovska}, M. and
         {Kashyap}, V. and {Maksym}, P.~W. and {Ratzlaff}, P.~W. and
         {Schlegel}, E.~M. and {Silverman}, J.~D. and {Tananbaum}, H.~D. and
         {Vikhlinin}, A.~A. and {Wilkes}, B.~J. and {Grimes}, J.~P.},
        title = "{Chandra Multiwavelength Project. I. First X-Ray Source Catalog}",
      journal = {\apjs},
     keywords = {Surveys, X-Rays: General, Astrophysics},
         year = 2004,
        month = jan,
       volume = {150},
       number = {1},
        pages = {19-41},
          doi = {10.1086/379819},
archivePrefix = {arXiv},
       eprint = {astro-ph/0308492},
 primaryClass = {astro-ph},
       adsurl = {https://ui.adsabs.harvard.edu/abs/2004ApJS..150...19K},
      adsnote = {Provided by the SAO/NASA Astrophysics Data System}
}




%%%%%%%%%%%%%%%%%%%%%%%%%%%% 37

@ARTICLE{grindlay2005,
       author = {{Grindlay}, J.~E. and {Hong}, J. and {Zhao}, P. and {Laycock}, S. and
         {van den Berg}, M. and {Koenig}, X. and {Schlegel}, E.~M. and
         {Cohn}, H.~N. and {Lugger}, P.~M. and {Rogel}, A.~B.},
        title = "{Chandra Multiwavelength Plane (ChaMPlane) Survey: An Introduction}",
      journal = {\apj},
     keywords = {Surveys, X-Rays: General, Astrophysics},
         year = 2005,
        month = dec,
       volume = {635},
       number = {2},
        pages = {920-930},
          doi = {10.1086/498106},
archivePrefix = {arXiv},
       eprint = {astro-ph/0509781},
 primaryClass = {astro-ph},
       adsurl = {https://ui.adsabs.harvard.edu/abs/2005ApJ...635..920G},
      adsnote = {Provided by the SAO/NASA Astrophysics Data System}
}

%%%%%%%%%%%%%%%%%%%%%%%%%%%%%%%%%%%%%%%%%% 38

@ARTICLE{green2004,
       author = {{Green}, P.~J. and {Silverman}, J.~D. and {Cameron}, R.~A. and
         {Kim}, D. -W. and {Wilkes}, B.~J. and {Barkhouse}, W.~A. and
         {LaCluyz{\'e}}, A. and {Morris}, D. and {Mossman}, A. and {Ghosh}, H. and
         {Grimes}, J.~P. and {Jannuzi}, B.~T. and {Tananbaum}, H. and
         {Aldcroft}, T.~L. and {Baldwin}, J.~A. and {Chaffee}, F.~H. and
         {Dey}, A. and {Dosaj}, A. and {Evans}, N.~R. and {Fan}, X. and
         {Foltz}, C. and {Gaetz}, T. and {Hooper}, E.~J. and {Kashyap}, V.~L. and
         {Mathur}, S. and {McGarry}, M.~B. and {Romero-Colmenero}, E. and
         {Smith}, M.~G. and {Smith}, P.~S. and {Smith}, R.~C. and {Torres}, G. and
         {Vikhlinin}, A. and {Wik}, D.~R.},
        title = "{The Chandra Multiwavelength Project: Optical Follow-up of Serendipitous Chandra Sources}",
      journal = {\apjs},
     keywords = {Galaxies: Active, Galaxies: Quasars: General, Surveys, X-Rays: Galaxies, Astrophysics},
         year = 2004,
        month = jan,
       volume = {150},
       number = {1},
        pages = {43-71},
          doi = {10.1086/379818},
archivePrefix = {arXiv},
       eprint = {astro-ph/0308506},
 primaryClass = {astro-ph},
       adsurl = {https://ui.adsabs.harvard.edu/abs/2004ApJS..150...43G},
      adsnote = {Provided by the SAO/NASA Astrophysics Data System}
}

%%%%%%%%%%%%%%%%%%%%%%%%%%%%%%%%%%%%%%%%%%%%%%  39


@ARTICLE{Tremaine2002,
       author = {{Tremaine}, Scott and {Gebhardt}, Karl and {Bender}, Ralf and
         {Bower}, Gary and {Dressler}, Alan and {Faber}, S.~M. and
         {Filippenko}, Alexei V. and {Green}, Richard and {Grillmair}, Carl and
         {Ho}, Luis C. and {Kormendy}, John and {Lauer}, Tod R. and
         {Magorrian}, John and {Pinkney}, Jason and {Richstone}, Douglas},
        title = "{The Slope of the Black Hole Mass versus Velocity Dispersion Correlation}",
      journal = {\apj},
     keywords = {Black Hole Physics, Galaxies: Bulges, Galaxies: Fundamental Parameters, Galaxies: Nuclei, Galaxy: Bulge, Galaxy: Kinematics and Dynamics, Astrophysics},
         year = 2002,
        month = aug,
       volume = {574},
       number = {2},
        pages = {740-753},
          doi = {10.1086/341002},
archivePrefix = {arXiv},
       eprint = {astro-ph/0203468},
 primaryClass = {astro-ph},
       adsurl = {https://ui.adsabs.harvard.edu/abs/2002ApJ...574..740T},
      adsnote = {Provided by the SAO/NASA Astrophysics Data System}
}



%%%%%%%%%%%%%%%%%%%%%%%%%%%%%%%%%%%%%%%%%%%%%%%%%%%%%%%%% 40

@ARTICLE{haring2004,
       author = {{H{\"a}ring}, Nadine and {Rix}, Hans-Walter},
        title = "{On the Black Hole Mass-Bulge Mass Relation}",
      journal = {\apjl},
     keywords = {Galaxies: Bulges, Galaxies: Kinematics and Dynamics, Astrophysics},
         year = 2004,
        month = apr,
       volume = {604},
       number = {2},
        pages = {L89-L92},
          doi = {10.1086/383567},
archivePrefix = {arXiv},
       eprint = {astro-ph/0402376},
 primaryClass = {astro-ph},
       adsurl = {https://ui.adsabs.harvard.edu/abs/2004ApJ...604L..89H},
      adsnote = {Provided by the SAO/NASA Astrophysics Data System}
}



%%%%%%%%%%%%%%%%%%%%%%%%%%%%%%%%%%%%%%%%%%%%%%%%%%%%%%%%%% 41

@ARTICLE{khachikina1974,
       author = {{Khachikian}, E.~Y. and {Weedman}, D.~W.},
        title = "{An atlas of Seyfert galaxies.}",
      journal = {\apj},
     keywords = {Astronomical Catalogs, Galactic Nuclei, Galactic Radiation, Red Shift, Seyfert Galaxies, Ubv Spectra, Astronomical Spectroscopy, Cosmology, Data Acquisition, Luminous Intensity, Quasars, Tables (Data), Astronomy},
         year = 1974,
        month = sep,
       volume = {192},
        pages = {581-589},
          doi = {10.1086/153093},
       adsurl = {https://ui.adsabs.harvard.edu/abs/1974ApJ...192..581K},
      adsnote = {Provided by the SAO/NASA Astrophysics Data System}
}


%%%%%%%%%%%%%%%%%%%%%%%%%%%%%%%%%%%%% 42

@book{peterson1997,
    author={{Peterson}, Brad},
    title="{An Introduction to Active Galactic Nuclei}",
    publisher="{Cambridge University Press}",
    year=1997
}

%%%%%%%%%%%%%%%%%%%%%%%%%%%%%%%% 43

@ARTICLE{soltan1982,
       author = {{Soltan}, A.},
        title = "{Masses of quasars.}",
      journal = {\mnras},
     keywords = {Astronomical Models, Black Holes (Astronomy), Galactic Evolution, Galactic Nuclei, Mass, Quasars, Bolometers, Luminosity, Red Shift, Spectrophotometry, Stellar Mass Accretion, Astrophysics},
         year = 1982,
        month = jul,
       volume = {200},
        pages = {115-122},
          doi = {10.1093/mnras/200.1.115},
       adsurl = {https://ui.adsabs.harvard.edu/abs/1982MNRAS.200..115S},
      adsnote = {Provided by the SAO/NASA Astrophysics Data System}
}



%%%%%%%%%%%%%%%%%%%%%%%%%%%%%%%%%%%%%%%%%% 44

@ARTICLE{morganti2017,
       author = {{Morganti}, Raffaella},
        title = "{Archaeology of active galaxies across the electromagnetic spectrum}",
      journal = {Nature Astronomy},
     keywords = {Astrophysics - Astrophysics of Galaxies},
         year = 2017,
        month = sep,
       volume = {1},
        pages = {596-605},
          doi = {10.1038/s41550-017-0223-0},
archivePrefix = {arXiv},
       eprint = {1709.01667},
 primaryClass = {astro-ph.GA},
       adsurl = {https://ui.adsabs.harvard.edu/abs/2017NatAs...1..596M},
      adsnote = {Provided by the SAO/NASA Astrophysics Data System}
}


%%%%%%%%%%%%%%%%%%%%%%%%%%%%%%%%% 45

@ARTICLE{nagar2002,
       author = {{Nagar}, N.~M. and {Oliva}, E. and {Marconi}, A. and {Maiolino}, R.},
        title = "{NGC 5506 unmasked as a Narrow Line Seyfert 1:. A direct view of the broad line region using near-IR spectroscopy}",
      journal = {\aap},
     keywords = {line: formation, line: identification, galaxies: active, galaxies: individual: NGC 5506, galaxies: Seyfert, galaxies: infrared, Astrophysics},
         year = 2002,
        month = aug,
       volume = {391},
        pages = {L21-L24},
          doi = {10.1051/0004-6361:20021039},
archivePrefix = {arXiv},
       eprint = {astro-ph/0207432},
 primaryClass = {astro-ph},
       adsurl = {https://ui.adsabs.harvard.edu/abs/2002A&A...391L..21N},
      adsnote = {Provided by the SAO/NASA Astrophysics Data System}
}


%%%%%%%%%%%%%%%%%%%%%%%%%%%%%%%%%%%%%%%%%%%%%% 46

@ARTICLE{garcia2019,
       author = {{Garc{\'\i}a-Bernete}, I. and {Ramos Almeida}, C. and
         {Alonso-Herrero}, A. and {Ward}, M.~J. and {Acosta-Pulido}, J.~A. and
         {Pereira-Santaella}, M. and {Hern{\'a}n-Caballero}, A. and
         {Asensio Ramos}, A. and {Gonz{\'a}lez-Mart{\'\i}n}, O. and
         {Levenson}, N.~A. and {Mateos}, S. and {Carrera}, F.~J. and
         {Ricci}, C. and {Roche}, P. and {Marquez}, I. and {Packham}, C. and
         {Masegosa}, J. and {Fuller}, L.},
        title = "{Torus model properties of an ultra-hard X-ray selected sample of Seyfert galaxies}",
      journal = {\mnras},
     keywords = {galaxies: active, galaxies: nuclei, galaxies: Seyfert, galaxies: photometry, techniques: spectroscopic, techniques: high angular resolution, Astrophysics - Astrophysics of Galaxies},
         year = 2019,
        month = jul,
       volume = {486},
       number = {4},
        pages = {4917-4935},
          doi = {10.1093/mnras/stz1003},
archivePrefix = {arXiv},
       eprint = {1904.03694},
 primaryClass = {astro-ph.GA},
       adsurl = {https://ui.adsabs.harvard.edu/abs/2019MNRAS.486.4917G},
      adsnote = {Provided by the SAO/NASA Astrophysics Data System}
}

%%%%%%%%%%%%%%%%%%%%%%%%%%%%%%%%%%%%%%%%%%%%%%%%%%% 47

@ARTICLE{shangguan2018,
       author = {{Shangguan}, Jinyi and {Ho}, Luis C. and {Xie}, Yanxia},
        title = "{On the Gas Content and Efficiency of AGN Feedback in Low-redshift Quasars}",
      journal = {\apj},
     keywords = {galaxies: active, galaxies: ISM, galaxies: nuclei, galaxies: Seyfert, infrared: ISM, quasars: general, Astrophysics - Astrophysics of Galaxies, Astrophysics - High Energy Astrophysical Phenomena},
         year = 2018,
        month = feb,
       volume = {854},
       number = {2},
          eid = {158},
        pages = {158},
          doi = {10.3847/1538-4357/aaa9be},
archivePrefix = {arXiv},
       eprint = {1802.08364},
 primaryClass = {astro-ph.GA},
       adsurl = {https://ui.adsabs.harvard.edu/abs/2018ApJ...854..158S},
      adsnote = {Provided by the SAO/NASA Astrophysics Data System}
}

%%%%%%%%%%%%%%%%%%%%%%%%%%%%%%%%%%%%%%%%%%%%%%%%%%%%% 48

@ARTICLE{mallick2018,
       author = {{Mallick}, L. and {Dewangan}, G.~C.},
        title = "{Large-amplitude Rapid X-Ray Variability in the Narrow-line Seyfert 1 Galaxy PG 1404+226}",
      journal = {\apj},
     keywords = {accretion, accretion disks, galaxies: individual: PG 1404+226, galaxies: Seyfert, X-rays: galaxies, Astrophysics - High Energy Astrophysical Phenomena},
         year = 2018,
        month = aug,
       volume = {863},
       number = {2},
          eid = {178},
        pages = {178},
          doi = {10.3847/1538-4357/aad193},
archivePrefix = {arXiv},
       eprint = {1702.08383},
 primaryClass = {astro-ph.HE},
       adsurl = {https://ui.adsabs.harvard.edu/abs/2018ApJ...863..178M},
      adsnote = {Provided by the SAO/NASA Astrophysics Data System}
}

%%%%%%%%%%%%%%%%%%%%%%%%%%%%%%%%%%%%%%%%%%%%%%%%%% 49


@ARTICLE{hart2009,
       author = {{Hart}, Quyen N. and {Stocke}, John T. and {Hallman}, Eric J.},
        title = "{X-ray Point Sources and Radio Galaxies in Clusters of Galaxies}",
      journal = {\apj},
     keywords = {galaxies: active, galaxies: clusters: general, radio continuum: galaxies, X-rays: galaxies, X-rays: galaxies: clusters, Astrophysics - Cosmology and Extragalactic Astrophysics},
         year = 2009,
        month = nov,
       volume = {705},
       number = {1},
        pages = {854-867},
          doi = {10.1088/0004-637X/705/1/854},
archivePrefix = {arXiv},
       eprint = {0908.3158},
 primaryClass = {astro-ph.CO},
       adsurl = {https://ui.adsabs.harvard.edu/abs/2009ApJ...705..854H},
      adsnote = {Provided by the SAO/NASA Astrophysics Data System}
}

%%%%%%%%%%%%%%%%%%%%%%%%%%%%%%%%%%%%%%%%%%%%%%%%%%%% 50

@ARTICLE{martini2009,
       author = {{Martini}, Paul and {Sivakoff}, Gregory R. and {Mulchaey}, John S.},
        title = "{The Evolution of Active Galactic Nuclei in Clusters of Galaxies to Redshift 1.3}",
      journal = {\apj},
     keywords = {galaxies: active, galaxies: clusters: general, galaxies: evolution, X-rays: galaxies, X-rays: galaxies: clusters, X-rays: general, Astrophysics - Cosmology and Extragalactic Astrophysics, Astrophysics - High Energy Astrophysical Phenomena},
         year = 2009,
        month = aug,
       volume = {701},
       number = {1},
        pages = {66-85},
          doi = {10.1088/0004-637X/701/1/66},
archivePrefix = {arXiv},
       eprint = {0906.1843},
 primaryClass = {astro-ph.CO},
       adsurl = {https://ui.adsabs.harvard.edu/abs/2009ApJ...701...66M},
      adsnote = {Provided by the SAO/NASA Astrophysics Data System}
}

%%%%%%%%%%%%%%%%%%%%%%%%%%%%%%%%%%%%%%%%%%%%%%%%%%% 51

@ARTICLE{veovodkin2010,
       author = {{Voevodkin}, Alexey and {Borozdin}, Konstantin and {Heitmann}, Katrin and
         {Habib}, Salman and {Vikhlinin}, Alexey and {Mescheryakov}, Alexander and
         {Hornstrup}, Allan and {Burenin}, Rodion},
        title = "{Fossil Systems in the 400d Cluster Catalog}",
      journal = {\apj},
     keywords = {catalogs, galaxies: clusters: general, X-rays: galaxies: clusters, Astrophysics - Cosmology and Extragalactic Astrophysics},
         year = 2010,
        month = jan,
       volume = {708},
       number = {2},
        pages = {1376-1387},
          doi = {10.1088/0004-637X/708/2/1376},
archivePrefix = {arXiv},
       eprint = {0902.0619},
 primaryClass = {astro-ph.CO},
       adsurl = {https://ui.adsabs.harvard.edu/abs/2010ApJ...708.1376V},
      adsnote = {Provided by the SAO/NASA Astrophysics Data System}
}


%%%%%%%%%%%%%%%%%%%%%%%%%%%%%%%%%%%%%%%%%%%%%%%%%%%%%%%%% 52

@ARTICLE{omill2019,
       author = {{O'Mill}, Ana Laura and {Alonso}, M. Victoria and {Valotto}, Carlos and
         {Nilo Castell{\'o}n}, Jos{\'e} Luis},
        title = "{Low X-Ray Luminosity Galaxy Clusters. IV. SDSS galaxy clusters at z \&lt; 0.2}",
      journal = {\mnras},
     keywords = {galaxies: clusters: general, galaxies: luminosity function, Astrophysics - Astrophysics of Galaxies},
         year = 2019,
        month = jun,
       volume = {485},
       number = {4},
        pages = {4474-4484},
          doi = {10.1093/mnras/stz753},
archivePrefix = {arXiv},
       eprint = {1905.06410},
 primaryClass = {astro-ph.GA},
       adsurl = {https://ui.adsabs.harvard.edu/abs/2019MNRAS.485.4474O},
      adsnote = {Provided by the SAO/NASA Astrophysics Data System}
}

%%%%%%%%%%%%%%%%%%%%%%%%%%%%%%%%%%%%%%%%%%%%%%%%%%%% 53

@ARTICLE{brinkmann2000,
       author = {{Brinkmann}, W. and {Laurent-Muehleisen}, S.~A. and {Voges}, W. and
         {Siebert}, J. and {Becker}, R.~H. and {Brotherton}, M.~S. and
         {White}, R.~L. and {Gregg}, M.~D.},
        title = "{Radio and X-ray bright AGN: the ROSAT - FIRST correlation}",
      journal = {\aap},
     keywords = {GALAXIES: ACTIVE, GALAXIES: QUASARS: GENERAL, X-RAYS: GENERAL, RADIO CONTINUUM: GENERAL},
         year = 2000,
        month = apr,
       volume = {356},
        pages = {445-462},
       adsurl = {https://ui.adsabs.harvard.edu/abs/2000A&A...356..445B},
      adsnote = {Provided by the SAO/NASA Astrophysics Data System}
}

%%%%%%%%%%%%%%%%%%%%%%%%%%%%%%%%%%%%%%%%%%%%%%%%%%%%%% 54

@ARTICLE{falomo2014,
       author = {{Falomo}, Renato and {Pian}, Elena and {Treves}, Aldo},
        title = "{An optical view of BL Lacertae objects}",
      journal = {\aapr},
     keywords = {Galaxies: active, Galaxies: nuclei, Galaxies: jets, BL Lacertae objects: general, Quasars: supermassive black holes, Radiation mechanisms: non-thermal, Astrophysics - High Energy Astrophysical Phenomena},
         year = 2014,
        month = sep,
       volume = {22},
          eid = {73},
        pages = {73},
          doi = {10.1007/s00159-014-0073-z},
archivePrefix = {arXiv},
       eprint = {1407.7615},
 primaryClass = {astro-ph.HE},
       adsurl = {https://ui.adsabs.harvard.edu/abs/2014A&ARv..22...73F},
      adsnote = {Provided by the SAO/NASA Astrophysics Data System}
}

%%%%%%%%%%%%%%%%%%%%%%%%%%%%%%%%%%%%%%%%%%%%%%%%%%%%%% 55

@ARTICLE{puchnarewicz1992,
       author = {{Puchnarewicz}, E.~M. and {Mason}, K.~O. and {Cordova}, F.~A. and
         {Kartje}, J. and {Brabduardi-A A Puchnarewicz}, E.~M. and
         {Mason}, K.~O. and {Cordova}, F.~A. and {Kartje}, J. and {Brand
        uardi-Raymont}, G. and {Mittaz}, J.~P.~D. and {Murdin}, P.~G. and
         {Allington-Smith}, J.},
        title = "{Optical properties of active galaxies with ultra-soft X-ray spectra.}",
      journal = {\mnras},
     keywords = {Active Galactic Nuclei, Galactic Radiation, Line Spectra, Optical Emission Spectroscopy, Spectrum Analysis, X Ray Spectra, Accretion Disks, Luminosity, X Ray Astronomy, Astrophysics},
         year = 1992,
        month = jun,
       volume = {256},
        pages = {589},
          doi = {10.1093/mnras/256.3.589},
       adsurl = {https://ui.adsabs.harvard.edu/abs/1992MNRAS.256..589P},
      adsnote = {Provided by the SAO/NASA Astrophysics Data System}
}

%%%%%%%%%%%%%%%%%%%%%%%%%%%%%%%%%%%%%%%%%%%%%%%%%%% 56

@ARTICLE{veron2006,
       author = {{V{\'e}ron-Cetty}, M. -P. and {V{\'e}ron}, P.},
        title = "{A catalogue of quasars and active nuclei: 12th edition}",
      journal = {\aap},
     keywords = {galaxies: quasars: general, galaxies: Seyfert, galaxies: BL Lacertae objects: general},
         year = 2006,
        month = aug,
       volume = {455},
       number = {2},
        pages = {773-777},
          doi = {10.1051/0004-6361:20065177},
       adsurl = {https://ui.adsabs.harvard.edu/abs/2006A&A...455..773V},
      adsnote = {Provided by the SAO/NASA Astrophysics Data System}
}


%%%%%%%%%%%%%%%%%%%%%%%%%%%%%%%%%%%%%%%%%%%%%%%%%% 57

@ARTICLE{akiyama2003,
       author = {{Akiyama}, Masayuki and {Ueda}, Yoshihiro and {Ohta}, Kouji and
         {Takahashi}, Tadayuki and {Yamada}, Toru},
        title = "{Optical Identification of the ASCA Medium Sensitivity Survey in the Northern Sky: Nature of Hard X-Ray-Selected Luminous Active Galactic Nuclei}",
      journal = {\apjs},
     keywords = {Cosmology: Diffuse Radiation, Galaxies: Active, Galaxies: Quasars: General, Surveys, X-Rays: Diffuse Background, Astrophysics},
         year = 2003,
        month = oct,
       volume = {148},
       number = {2},
        pages = {275-315},
          doi = {10.1086/376441},
archivePrefix = {arXiv},
       eprint = {astro-ph/0307164},
 primaryClass = {astro-ph},
       adsurl = {https://ui.adsabs.harvard.edu/abs/2003ApJS..148..275A},
      adsnote = {Provided by the SAO/NASA Astrophysics Data System}
}




%%%%%%%%%%%%%%%%%%%%%%%%%%%%%%%%%%%%%%%%%%%%%%%%%%% 58

@ARTICLE{henry2006,
       author = {{Henry}, J. Patrick and {Mullis}, Christopher R. and {Voges}, Wolfgang and
         {B{\"o}hringer}, Hans and {Briel}, Ulrich G. and {Gioia}, Isabella M. and
         {Huchra}, John P.},
        title = "{The ROSAT North Ecliptic Pole Survey: The X-Ray Catalog}",
      journal = {\apjs},
     keywords = {Galaxies: Active, Galaxies: Clusters: General, Surveys, X-Rays: Galaxies: Clusters, X-Rays: General, X-Rays: Stars, Astrophysics},
         year = 2006,
        month = feb,
       volume = {162},
       number = {2},
        pages = {304-328},
          doi = {10.1086/498749},
archivePrefix = {arXiv},
       eprint = {astro-ph/0511195},
 primaryClass = {astro-ph},
       adsurl = {https://ui.adsabs.harvard.edu/abs/2006ApJS..162..304H},
      adsnote = {Provided by the SAO/NASA Astrophysics Data System}
}


%%%%%%%%%%%%%%%%%%%%%%%%%%%%%%%%%%%%%%%%%%%%%%%%%%% 59

@ARTICLE{bower1996,
       author = {{Bower}, R.~G. and {Hasinger}, G. and {Castander}, F.~J. and
         {Aragon-Salamanca}, A. and {Ellis}, R.~S. and {Gioia}, I.~M. and
         {Henry}, J.~P. and {Burg}, R. and {Huchra}, J.~P. and {Bohringer}, H. and
         {Briel}, U.~G. and {McLean}, B.},
        title = "{The ROSAT North Ecliptic Pole Deep Survey}",
      journal = {\mnras},
     keywords = {SURVEYS, COSMOLOGY: OBSERVATIONS, X-RAYS: GALAXIES},
         year = 1996,
        month = jul,
       volume = {281},
       number = {1},
        pages = {59-70},
          doi = {10.1093/mnras/281.1.59},
       adsurl = {https://ui.adsabs.harvard.edu/abs/1996MNRAS.281...59B},
      adsnote = {Provided by the SAO/NASA Astrophysics Data System}
}



%%%%%%%%%%%%%%%%%%%%%%%%%%%%%%%%%%%%%%%%%%%%%%%%%%%%%% 60

@ARTICLE{faber1977,
       author = {{Faber}, S.~M. and {Dressler}, A.},
        title = "{Radial velocities for galaxies in 11 clusters.}",
      journal = {\aj},
         year = 1977,
        month = mar,
       volume = {82},
        pages = {187-192},
          doi = {10.1086/112028},
       adsurl = {https://ui.adsabs.harvard.edu/abs/1977AJ.....82..187F},
      adsnote = {Provided by the SAO/NASA Astrophysics Data System}
}


%%%%%%%%%%%%%%%%%%%%%%%%%%%%%%%%%%%%%%%%%%%%%%%%%%%%%% 61

@ARTICLE{baldi2015,
       author = {{Baldi}, Ranieri D. and {Capetti}, Alessandro and {Giovannini}, Gabriele},
        title = "{Pilot study of the radio-emitting AGN population: the emerging new class of FR 0 radio-galaxies}",
      journal = {\aap},
     keywords = {galaxies: active, galaxies: elliptical and lenticular, cD, galaxies: nuclei, galaxies: jets, radio continuum: galaxies, Astrophysics - Astrophysics of Galaxies},
         year = 2015,
        month = apr,
       volume = {576},
          eid = {A38},
        pages = {A38},
          doi = {10.1051/0004-6361/201425426},
archivePrefix = {arXiv},
       eprint = {1502.00427},
 primaryClass = {astro-ph.GA},
       adsurl = {https://ui.adsabs.harvard.edu/abs/2015A&A...576A..38B},
      adsnote = {Provided by the SAO/NASA Astrophysics Data System}
}



%%%%%%%%%%%%%%%%%%%%%%%%%%%%%%%%%%%%%%%%%%%%%%%% 62

@ARTICLE{jackson2012,
       author = {{Jackson}, F.~E. and {Roberts}, T.~P. and {Alexander}, D.~M. and
         {Gelbord}, J.~M. and {Goulding}, A.~D. and {Ward}, M.~J. and
         {Wardlow}, J.~L. and {Watson}, M.~G.},
        title = "{On the nature of high X-ray luminosities in Sloan Digital Sky Survey galaxies}",
      journal = {\mnras},
     keywords = {galaxies: active, galaxies: starburst, Astrophysics - High Energy Astrophysical Phenomena},
         year = 2012,
        month = may,
       volume = {422},
       number = {1},
        pages = {2-13},
          doi = {10.1111/j.1365-2966.2011.20164.x},
archivePrefix = {arXiv},
       eprint = {1201.3236},
 primaryClass = {astro-ph.HE},
       adsurl = {https://ui.adsabs.harvard.edu/abs/2012MNRAS.422....2J},
      adsnote = {Provided by the SAO/NASA Astrophysics Data System}
}

%%%%%%%%%%%%%%%%%%%%%%%%%%%%%%%%%%%%%%%%%%%%%% 63

@ARTICLE{krause2019,
       author = {{Krause}, Martin G.~H. and {Shabala}, Stanislav S. and
         {Hardcastle}, Martin J. and {Bicknell}, Geoffrey V. and
         {B{\"o}hringer}, Hans and {Chon}, Gayoung and {Nawaz}, Mohammad A. and
         {Sarzi}, Marc and {Wagner}, Alexander Y.},
        title = "{How frequent are close supermassive binary black holes in powerful jet sources?}",
      journal = {\mnras},
     keywords = {black hole physics, gravitational waves, galaxies: jets, radio continuum: galaxies, Astrophysics - High Energy Astrophysical Phenomena, Astrophysics - Astrophysics of Galaxies},
         year = 2019,
        month = jan,
       volume = {482},
       number = {1},
        pages = {240-261},
          doi = {10.1093/mnras/sty2558},
archivePrefix = {arXiv},
       eprint = {1809.04050},
 primaryClass = {astro-ph.HE},
       adsurl = {https://ui.adsabs.harvard.edu/abs/2019MNRAS.482..240K},
      adsnote = {Provided by the SAO/NASA Astrophysics Data System}
}

%%%%%%%%%%%%%%%%%%%%%%%%%%%%%%%%%%%%%%%%%%%%%%% 64

@ARTICLE{fabiano1984,
       author = {{Fabbiano}, G. and {Miller}, L. and {Trinchieri}, G. and {Longair}, M. and
         {Elvis}, M.},
        title = "{An X-ray survey of a complete sample of 3CR radio galaxies.}",
      journal = {\apj},
     keywords = {Galactic Nuclei, Luminosity, Radio Galaxies, X Ray Sources, Elliptical Galaxies, Galactic Radiation, Galactic Structure, Heao 2, Optical Emission Spectroscopy, Quasars, Seyfert Galaxies, Astrophysics},
         year = 1984,
        month = feb,
       volume = {277},
        pages = {115-131},
          doi = {10.1086/161676},
       adsurl = {https://ui.adsabs.harvard.edu/abs/1984ApJ...277..115F},
      adsnote = {Provided by the SAO/NASA Astrophysics Data System}
}


%%%%%%%%%%%%%%%%%%%%%%%%%%%%%%%%%%%%%%%% 65

@ARTICLE{hardcastle2007,
       author = {{Hardcastle}, M.~J. and {Evans}, D.~A. and {Croston}, J.~H.},
        title = "{Hot and cold gas accretion and feedback in radio-loud active galaxies}",
      journal = {\mnras},
     keywords = {galaxies: active, X-rays: galaxies, Astrophysics},
         year = 2007,
        month = apr,
       volume = {376},
       number = {4},
        pages = {1849-1856},
          doi = {10.1111/j.1365-2966.2007.11572.x},
archivePrefix = {arXiv},
       eprint = {astro-ph/0701857},
 primaryClass = {astro-ph},
       adsurl = {https://ui.adsabs.harvard.edu/abs/2007MNRAS.376.1849H},
      adsnote = {Provided by the SAO/NASA Astrophysics Data System}
}

%%%%%%%%%%%%%%%%%%%%%%%%%%%%%%%%%%%%%%%%%%%%%% 66

@ARTICLE{best2012,
       author = {{Best}, P.~N. and {Heckman}, T.~M.},
        title = "{On the fundamental dichotomy in the local radio-AGN population: accretion, evolution and host galaxy properties}",
      journal = {\mnras},
     keywords = {accretion, accretion discs, black hole physics, galaxies: active, galaxies: jets, radio continuum: galaxies, Astrophysics - Cosmology and Nongalactic Astrophysics},
         year = 2012,
        month = apr,
       volume = {421},
       number = {2},
        pages = {1569-1582},
          doi = {10.1111/j.1365-2966.2012.20414.x},
archivePrefix = {arXiv},
       eprint = {1201.2397},
 primaryClass = {astro-ph.CO},
       adsurl = {https://ui.adsabs.harvard.edu/abs/2012MNRAS.421.1569B},
      adsnote = {Provided by the SAO/NASA Astrophysics Data System}
}

%%%%%%%%%%%%%%%%%%%%%%%%%%%%%%%%%%%%%%%%%%%% 67

@ARTICLE{schneider2007,
       author = {{Schneider}, Donald P. and {Hall}, Patrick B. and {Richards}, Gordon T. and
         {Strauss}, Michael A. and {Vanden Berk}, Daniel E. and
         {Anderson}, Scott F. and {Brandt}, W.~N. and {Fan}, Xiaohui and
         {Jester}, Sebastian and {Gray}, Jim and {Gunn}, James E. and
         {SubbaRao}, Mark U. and {Thakar}, Anirudda R. and {Stoughton}, Chris and
         {Szalay}, Alexander S. and {Yanny}, Brian and {York}, Donald G. and
         {Bahcall}, Neta A. and {Barentine}, J. and {Blanton}, Michael R. and
         {Brewington}, Howard and {Brinkmann}, J. and {Brunner}, Robert J. and
         {Castander}, Francisco J. and {Csabai}, Istv{\'a}n and
         {Frieman}, Joshua A. and {Fukugita}, Masataka and {Harvanek}, Michael and
         {Hogg}, David W. and {Ivezi{\'c}}, {\v{Z}}eljko and {Kent}, Stephen M. and
         {Kleinman}, S.~J. and {Knapp}, G.~R. and {Kron}, Richard G. and
         {Krzesi{\'n}ski}, Jurek and {Long}, Daniel C. and {Lupton}, Robert H. and
         {Nitta}, Atsuko and {Pier}, Jeffrey R. and {Saxe}, David H. and
         {Shen}, Yue and {Snedden}, Stephanie A. and {Weinberg}, David H. and
         {Wu}, Jian},
        title = "{The Sloan Digital Sky Survey Quasar Catalog. IV. Fifth Data Release}",
      journal = {\aj},
     keywords = {catalogs, quasars: general, surveys, Astrophysics},
         year = 2007,
        month = jul,
       volume = {134},
       number = {1},
        pages = {102-117},
          doi = {10.1086/518474},
archivePrefix = {arXiv},
       eprint = {0704.0806},
 primaryClass = {astro-ph},
       adsurl = {https://ui.adsabs.harvard.edu/abs/2007AJ....134..102S},
      adsnote = {Provided by the SAO/NASA Astrophysics Data System}
}



%%%%%%%%%%%%%%%%%%%%%%%%%%%%%%%%%%%%%%%%%%%%%% 68

@ARTICLE{richards2015,
       author = {{Richards}, Gordon T. and {Myers}, Adam D. and {Peters}, Christina M. and
         {Krawczyk}, Coleman M. and {Chase}, Greg and {Ross}, Nicholas P. and
         {Fan}, Xiaohui and {Jiang}, Linhua and {Lacy}, Mark and
         {McGreer}, Ian D. and {Trump}, Jonathan R. and {Riegel}, Ryan N.},
        title = "{Bayesian High-redshift Quasar Classification from Optical and Mid-IR Photometry}",
      journal = {\apjs},
     keywords = {catalogs, infrared: galaxies, methods: statistical, quasars: general, Astrophysics - Astrophysics of Galaxies},
         year = 2015,
        month = aug,
       volume = {219},
       number = {2},
          eid = {39},
        pages = {39},
          doi = {10.1088/0067-0049/219/2/39},
archivePrefix = {arXiv},
       eprint = {1507.07788},
 primaryClass = {astro-ph.GA},
       adsurl = {https://ui.adsabs.harvard.edu/abs/2015ApJS..219...39R},
      adsnote = {Provided by the SAO/NASA Astrophysics Data System}
}

%%%%%%%%%%%%%%%%%%%%%%%%%%%%%%%%%%%%%%%%%%%%%%%%%% 69

@ARTICLE{ivezi2019,
       author = {{Ivezi{\'c}}, {\v{Z}}eljko and {Kahn}, Steven M. and
         {Tyson}, J. Anthony and {Abel}, Bob and {Acosta}, Emily and
         {Allsman}, Robyn and {Alonso}, David and {AlSayyad}, Yusra and
         {Anderson}, Scott F. and {Andrew}, John and {Angel}, James Roger P. and
         {Angeli}, George Z. and {Ansari}, Reza and {Antilogus}, Pierre and
         {Araujo}, Constanza and {Armstrong}, Robert and {Arndt}, Kirk T. and
         {Astier}, Pierre and {Aubourg}, {\'E}ric and {Auza}, Nicole and
         {Axelrod}, Tim S. and {Bard}, Deborah J. and {Barr}, Jeff D. and
         {Barrau}, Aurelian and {Bartlett}, James G. and {Bauer}, Amanda E. and
         {Bauman}, Brian J. and {Baumont}, Sylvain and {Bechtol}, Ellen and
         {Bechtol}, Keith and {Becker}, Andrew C. and {Becla}, Jacek and
         {Beldica}, Cristina and {Bellavia}, Steve and {Bianco}, Federica B. and
         {Biswas}, Rahul and {Blanc}, Guillaume and {Blazek}, Jonathan and {Bland
        ford}, Roger D. and {Bloom}, Josh S. and {Bogart}, Joanne and
         {Bond}, Tim W. and {Booth}, Michael T. and {Borgland}, Anders W. and
         {Borne}, Kirk and {Bosch}, James F. and {Boutigny}, Dominique and
         {Brackett}, Craig A. and {Bradshaw}, Andrew and {Brand
        t}, William Nielsen and {Brown}, Michael E. and {Bullock}, James S. and
         {Burchat}, Patricia and {Burke}, David L. and {Cagnoli}, Gianpietro and
         {Calabrese}, Daniel and {Callahan}, Shawn and {Callen}, Alice L. and
         {Carlin}, Jeffrey L. and {Carlson}, Erin L. and {Chand
        rasekharan}, Srinivasan and {Charles-Emerson}, Glenaver and
         {Chesley}, Steve and {Cheu}, Elliott C. and {Chiang}, Hsin-Fang and
         {Chiang}, James and {Chirino}, Carol and {Chow}, Derek and
         {Ciardi}, David R. and {Claver}, Charles F. and {Cohen-Tanugi}, Johann and
         {Cockrum}, Joseph J. and {Coles}, Rebecca and {Connolly}, Andrew J. and
         {Cook}, Kem H. and {Cooray}, Asantha and {Covey}, Kevin R. and
         {Cribbs}, Chris and {Cui}, Wei and {Cutri}, Roc and {Daly}, Philip N. and
         {Daniel}, Scott F. and {Daruich}, Felipe and {Daubard}, Guillaume and
         {Daues}, Greg and {Dawson}, William and {Delgado}, Francisco and
         {Dellapenna}, Alfred and {de Peyster}, Robert and
         {de Val-Borro}, Miguel and {Digel}, Seth W. and {Doherty}, Peter and
         {Dubois}, Richard and {Dubois-Felsmann}, Gregory P. and
         {Durech}, Josef and {Economou}, Frossie and {Eifler}, Tim and
         {Eracleous}, Michael and {Emmons}, Benjamin L. and
         {Fausti Neto}, Angelo and {Ferguson}, Henry and {Figueroa}, Enrique and
         {Fisher-Levine}, Merlin and {Focke}, Warren and {Foss}, Michael D. and
         {Frank}, James and {Freemon}, Michael D. and {Gangler}, Emmanuel and
         {Gawiser}, Eric and {Geary}, John C. and {Gee}, Perry and
         {Geha}, Marla and {Gessner}, Charles J.~B. and {Gibson}, Robert R. and
         {Gilmore}, D. Kirk and {Glanzman}, Thomas and {Glick}, William and
         {Goldina}, Tatiana and {Goldstein}, Daniel A. and {Goodenow}, Iain and
         {Graham}, Melissa L. and {Gressler}, William J. and {Gris}, Philippe and
         {Guy}, Leanne P. and {Guyonnet}, Augustin and {Haller}, Gunther and
         {Harris}, Ron and {Hascall}, Patrick A. and {Haupt}, Justine and {Hernand
        ez}, Fabio and {Herrmann}, Sven and {Hileman}, Edward and
         {Hoblitt}, Joshua and {Hodgson}, John A. and {Hogan}, Craig and
         {Howard}, James D. and {Huang}, Dajun and {Huffer}, Michael E. and
         {Ingraham}, Patrick and {Innes}, Walter R. and {Jacoby}, Suzanne H. and
         {Jain}, Bhuvnesh and {Jammes}, Fabrice and {Jee}, M. James and
         {Jenness}, Tim and {Jernigan}, Garrett and {Jevremovi{\'c}}, Darko and
         {Johns}, Kenneth and {Johnson}, Anthony S. and
         {Johnson}, Margaret W.~G. and {Jones}, R. Lynne and
         {Juramy-Gilles}, Claire and {Juri{\'c}}, Mario and {Kalirai}, Jason S. and
         {Kallivayalil}, Nitya J. and {Kalmbach}, Bryce and
         {Kantor}, Jeffrey P. and {Karst}, Pierre and {Kasliwal}, Mansi M. and
         {Kelly}, Heather and {Kessler}, Richard and {Kinnison}, Veronica and
         {Kirkby}, David and {Knox}, Lloyd and {Kotov}, Ivan V. and
         {Krabbendam}, Victor L. and {Krughoff}, K. Simon and
         {Kub{\'a}nek}, Petr and {Kuczewski}, John and {Kulkarni}, Shri and
         {Ku}, John and {Kurita}, Nadine R. and {Lage}, Craig S. and
         {Lambert}, Ron and {Lange}, Travis and {Langton}, J. Brian and
         {Le Guillou}, Laurent and {Levine}, Deborah and {Liang}, Ming and
         {Lim}, Kian-Tat and {Lintott}, Chris J. and {Long}, Kevin E. and
         {Lopez}, Margaux and {Lotz}, Paul J. and {Lupton}, Robert H. and
         {Lust}, Nate B. and {MacArthur}, Lauren A. and {Mahabal}, Ashish and {Mand
        elbaum}, Rachel and {Markiewicz}, Thomas W. and {Marsh}, Darren S. and
         {Marshall}, Philip J. and {Marshall}, Stuart and {May}, Morgan and
         {McKercher}, Robert and {McQueen}, Michelle and {Meyers}, Joshua and
         {Migliore}, Myriam and {Miller}, Michelle and {Mills}, David J. and
         {Miraval}, Connor and {Moeyens}, Joachim and {Moolekamp}, Fred E. and
         {Monet}, David G. and {Moniez}, Marc and {Monkewitz}, Serge and
         {Montgomery}, Christopher and {Morrison}, Christopher B. and
         {Mueller}, Fritz and {Muller}, Gary P. and
         {Mu{\~n}oz Arancibia}, Freddy and {Neill}, Douglas R. and
         {Newbry}, Scott P. and {Nief}, Jean-Yves and {Nomerotski}, Andrei and
         {Nordby}, Martin and {O'Connor}, Paul and {Oliver}, John and
         {Olivier}, Scot S. and {Olsen}, Knut and {O'Mullane}, William and
         {Ortiz}, Sandra and {Osier}, Shawn and {Owen}, Russell E. and
         {Pain}, Reynald and {Palecek}, Paul E. and {Parejko}, John K. and
         {Parsons}, James B. and {Pease}, Nathan M. and {Peterson}, J. Matt and
         {Peterson}, John R. and {Petravick}, Donald L. and
         {Libby Petrick}, M.~E. and {Petry}, Cathy E. and
         {Pierfederici}, Francesco and {Pietrowicz}, Stephen and {Pike}, Rob and
         {Pinto}, Philip A. and {Plante}, Raymond and {Plate}, Stephen and
         {Plutchak}, Joel P. and {Price}, Paul A. and {Prouza}, Michael and
         {Radeka}, Veljko and {Rajagopal}, Jayadev and {Rasmussen}, Andrew P. and
         {Regnault}, Nicolas and {Reil}, Kevin A. and {Reiss}, David J. and
         {Reuter}, Michael A. and {Ridgway}, Stephen T. and {Riot}, Vincent J. and
         {Ritz}, Steve and {Robinson}, Sean and {Roby}, William and
         {Roodman}, Aaron and {Rosing}, Wayne and {Roucelle}, Cecille and
         {Rumore}, Matthew R. and {Russo}, Stefano and {Saha}, Abhijit and
         {Sassolas}, Benoit and {Schalk}, Terry L. and {Schellart}, Pim and
         {Schindler}, Rafe H. and {Schmidt}, Samuel and {Schneider}, Donald P. and
         {Schneider}, Michael D. and {Schoening}, William and
         {Schumacher}, German and {Schwamb}, Megan E. and {Sebag}, Jacques and
         {Selvy}, Brian and {Sembroski}, Glenn H. and {Seppala}, Lynn G. and
         {Serio}, Andrew and {Serrano}, Eduardo and {Shaw}, Richard A. and
         {Shipsey}, Ian and {Sick}, Jonathan and {Silvestri}, Nicole and
         {Slater}, Colin T. and {Smith}, J. Allyn and {Smith}, R. Chris and
         {Sobhani}, Shahram and {Soldahl}, Christine and
         {Storrie-Lombardi}, Lisa and {Stover}, Edward and
         {Strauss}, Michael A. and {Street}, Rachel A. and
         {Stubbs}, Christopher W. and {Sullivan}, Ian S. and {Sweeney}, Donald and
         {Swinbank}, John D. and {Szalay}, Alexander and {Takacs}, Peter and
         {Tether}, Stephen A. and {Thaler}, Jon J. and {Thayer}, John Gregg and
         {Thomas}, Sandrine and {Thornton}, Adam J. and {Thukral}, Vaikunth and
         {Tice}, Jeffrey and {Trilling}, David E. and {Turri}, Max and
         {Van Berg}, Richard and {Vanden Berk}, Daniel and {Vetter}, Kurt and
         {Virieux}, Francoise and {Vucina}, Tomislav and {Wahl}, William and
         {Walkowicz}, Lucianne and {Walsh}, Brian and {Walter}, Christopher W. and
         {Wang}, Daniel L. and {Wang}, Shin-Yawn and {Warner}, Michael and
         {Wiecha}, Oliver and {Willman}, Beth and {Winters}, Scott E. and
         {Wittman}, David and {Wolff}, Sidney C. and {Wood-Vasey}, W. Michael and
         {Wu}, Xiuqin and {Xin}, Bo and {Yoachim}, Peter and {Zhan}, Hu},
        title = "{LSST: From Science Drivers to Reference Design and Anticipated Data Products}",
      journal = {\apj},
     keywords = {astrometry, cosmology: observations, Galaxy: general, methods: observational, stars: general, surveys, Astrophysics},
         year = 2019,
        month = mar,
       volume = {873},
       number = {2},
          eid = {111},
        pages = {111},
          doi = {10.3847/1538-4357/ab042c},
archivePrefix = {arXiv},
       eprint = {0805.2366},
 primaryClass = {astro-ph},
       adsurl = {https://ui.adsabs.harvard.edu/abs/2019ApJ...873..111I},
      adsnote = {Provided by the SAO/NASA Astrophysics Data System}
}

%%%%%%%%%%%%%%%%%%%%%%%%%%%%%%%%%%%%%%%%%%%%%%%% 70

@ARTICLE{merloni2012,
       author = {{Merloni}, A. and {Predehl}, P. and {Becker}, W. and
         {B{\"o}hringer}, H. and {Boller}, T. and {Brunner}, H. and {Brusa}, M. and
         {Dennerl}, K. and {Freyberg}, M. and {Friedrich}, P. and
         {Georgakakis}, A. and {Haberl}, F. and {Hasinger}, G. and
         {Meidinger}, N. and {Mohr}, J. and {Nandra}, K. and {Rau}, A. and
         {Reiprich}, T.~H. and {Robrade}, J. and {Salvato}, M. and
         {Santangelo}, A. and {Sasaki}, M. and {Schwope}, A. and {Wilms}, J. and
         {German eROSITA Consortium}, the},
        title = "{eROSITA Science Book: Mapping the Structure of the Energetic Universe}",
      journal = {arXiv e-prints},
     keywords = {Astrophysics - High Energy Astrophysical Phenomena, Astrophysics - Cosmology and Extragalactic Astrophysics},
         year = 2012,
        month = sep,
          eid = {arXiv:1209.3114},
        pages = {arXiv:1209.3114},
archivePrefix = {arXiv},
       eprint = {1209.3114},
 primaryClass = {astro-ph.HE},
       adsurl = {https://ui.adsabs.harvard.edu/abs/2012arXiv1209.3114M},
      adsnote = {Provided by the SAO/NASA Astrophysics Data System}
}

%%%%%%%%%%%%%%%%%%%%%%%%%%%%%%%%%%%%%%%%%%%%%%%%%%%%%%%%%%%%% 71

@ARTICLE{healey2007,
       author = {{Healey}, Stephen E. and {Romani}, Roger W. and {Taylor}, Gregory B. and
         {Sadler}, Elaine M. and {Ricci}, Roberto and {Murphy}, Tara and
         {Ulvestad}, James S. and {Winn}, Joshua N.},
        title = "{CRATES: An All-Sky Survey of Flat-Spectrum Radio Sources}",
      journal = {\apjs},
     keywords = {Galaxies: Active, Galaxies: Quasars: General, Surveys, Astrophysics},
         year = 2007,
        month = jul,
       volume = {171},
       number = {1},
        pages = {61-71},
          doi = {10.1086/513742},
archivePrefix = {arXiv},
       eprint = {astro-ph/0702346},
 primaryClass = {astro-ph},
       adsurl = {https://ui.adsabs.harvard.edu/abs/2007ApJS..171...61H},
      adsnote = {Provided by the SAO/NASA Astrophysics Data System}
}


%%%%%%%%%%%%%%%%%%%%%%%%%%%%%%%%%%%%%%%%%%%%%%%%%%%%%%%%%%%%%%% 72

@ARTICLE{arsioli2018,
       author = {{Arsioli}, B. and {Chang}, Y. -L.},
        title = "{The {\ensuremath{\gamma}}-ray emitting region in low synchrotron peak blazars. Testing self-synchrotron Compton and external Compton scenarios}",
      journal = {\aap},
     keywords = {galaxies: active, gamma rays: galaxies, radiation mechanisms: non-thermal, Astrophysics - High Energy Astrophysical Phenomena},
         year = 2018,
        month = aug,
       volume = {616},
          eid = {A63},
        pages = {A63},
          doi = {10.1051/0004-6361/201833005},
archivePrefix = {arXiv},
       eprint = {1804.09761},
 primaryClass = {astro-ph.HE},
       adsurl = {https://ui.adsabs.harvard.edu/abs/2018A&A...616A..63A},
      adsnote = {Provided by the SAO/NASA Astrophysics Data System}
}

%%%%%%%%%%%%%%%%%%%%%%%%%%%%%%%%%%%%%%%%%%%%%%%%%%%% 73

@ARTICLE{osterbrock1985,
       author = {{Osterbrock}, D.~E. and {Pogge}, R.~W.},
        title = "{The spectra of narrow-line Seyfert 1 galaxies.}",
      journal = {\apj},
     keywords = {Astronomical Spectroscopy, Galactic Nuclei, Seyfert Galaxies, Abundance, Active Galactic Nuclei, Emission Spectra, H Beta Line, Hydrogen Ions, Iron, Luminosity, Spectral Energy Distribution, Spectral Line Width, Astrophysics},
         year = 1985,
        month = oct,
       volume = {297},
        pages = {166-176},
          doi = {10.1086/163513},
       adsurl = {https://ui.adsabs.harvard.edu/abs/1985ApJ...297..166O},
      adsnote = {Provided by the SAO/NASA Astrophysics Data System}
}

